
@online{noauthor_heteroscedasticity_2017,
	title = {Heteroscedasticity in Regression Analysis},
	url = {http://statisticsbyjim.com/regression/heteroscedasticity-regression/},
	abstract = {Heteroscedasticity refers to residuals for a regression model that do not have a constant variance. Learn how to identify and fix this problem.},
	titleaddon = {Statistics By Jim},
	urldate = {2020-05-05},
	date = {2017-08-13},
	langid = {american},
	note = {Library Catalog: statisticsbyjim.com},
	file = {Snapshot:C\:\\Users\\teanm\\Zotero\\storage\\E5IQJVTE\\heteroscedasticity-regression.html:text/html}
}

@online{noauthor_numpypolyfit_nodate,
	title = {numpy.polyfit — {NumPy} v1.17 Manual},
	url = {https://docs.scipy.org/doc/numpy/reference/generated/numpy.polyfit.html},
	urldate = {2020-05-05},
	file = {numpy.polyfit — NumPy v1.17 Manual:C\:\\Users\\teanm\\Zotero\\storage\\C29MZLVZ\\numpy.polyfit.html:text/html}
}

@online{noauthor_choosing_nodate,
	title = {Choosing color palettes — seaborn 0.10.1 documentation},
	url = {https://seaborn.pydata.org/tutorial/color_palettes.html},
	urldate = {2020-05-05},
	file = {Choosing color palettes — seaborn 0.10.1 documentation:C\:\\Users\\teanm\\Zotero\\storage\\LL25RJI8\\color_palettes.html:text/html}
}

@online{noauthor_5_nodate,
	title = {5 tips on designing colorblind-friendly visualizations},
	url = {https://www.tableau.com/about/blog/2016/4/examining-data-viz-rules-dont-use-red-green-together-53463},
	titleaddon = {Tableau Software},
	urldate = {2020-05-05},
	langid = {english},
	note = {Library Catalog: www.tableau.com},
	file = {Snapshot:C\:\\Users\\teanm\\Zotero\\storage\\Q4WKQRQJ\\examining-data-viz-rules-dont-use-red-green-together-53463.html:text/html}
}

@online{noauthor_building_nodate,
	title = {Building structured multi-plot grids — seaborn 0.10.1 documentation},
	url = {https://seaborn.pydata.org/tutorial/axis_grids.html},
	urldate = {2020-05-06},
	file = {Building structured multi-plot grids — seaborn 0.10.1 documentation:C\:\\Users\\teanm\\Zotero\\storage\\6WE52T7R\\axis_grids.html:text/html}
}

@online{noauthor_learn_nodate,
	title = {Learn Python, Data Viz, Pandas \& More {\textbar} Tutorials {\textbar} Kaggle},
	url = {https://www.kaggle.com/learn/overview},
	abstract = {Practical data skills you can apply immediately: that's what you'll learn in these free micro-courses. They're the fastest (and most fun) way to become a data scientist or improve your current skills.},
	urldate = {2020-05-06},
	langid = {english},
	note = {Library Catalog: www.kaggle.com},
	file = {Snapshot:C\:\\Users\\teanm\\Zotero\\storage\\CUZ3TZJP\\overview.html:text/html}
}

@online{noauthor_world_nodate,
	title = {World Bank Open Data {\textbar} Data},
	url = {https://data.worldbank.org/},
	urldate = {2020-05-06},
	file = {World Bank Open Data | Data:C\:\\Users\\teanm\\Zotero\\storage\\3ASBDTQU\\data.worldbank.org.html:text/html}
}

@online{noauthor_seabornlmplot_nodate,
	title = {seaborn.lmplot — seaborn 0.10.1 documentation},
	url = {https://seaborn.pydata.org/generated/seaborn.lmplot.html},
	urldate = {2020-05-06},
	file = {seaborn.lmplot — seaborn 0.10.1 documentation:C\:\\Users\\teanm\\Zotero\\storage\\E92DABG9\\seaborn.lmplot.html:text/html}
}

@online{noauthor_data_2018,
	title = {Data Visualization with Seaborn (Part \#2)},
	url = {https://jovianlin.io/data-visualization-seaborn-part-2/},
	abstract = {In Part \#2 of my Seaborn and Matplotlib in Python series, I'll show how you can plot attractive 2D data visualizations for pattern discovery, such as \#heatmaps, \#pairplots, and \#jointplots.},
	titleaddon = {Jovian's Notes},
	urldate = {2020-05-06},
	date = {2018-04-08},
	note = {Library Catalog: jovianlin.io},
	file = {Snapshot:C\:\\Users\\teanm\\Zotero\\storage\\KMYI59BI\\data-visualization-seaborn-part-2.html:text/html}
}

@online{chakure_data_2019,
	title = {Data Visualization},
	url = {https://towardsdatascience.com/data-visualization-a6dccf643fbb},
	abstract = {In this blog we’ll try to understand what data visualization is and how it could be used for making plots using matplotlib and seaborn in…},
	titleaddon = {Medium},
	author = {Chakure, Afroz},
	urldate = {2020-05-06},
	date = {2019-11-01},
	langid = {english},
	note = {Library Catalog: towardsdatascience.com},
	file = {Snapshot:C\:\\Users\\teanm\\Zotero\\storage\\A4NSEJXW\\data-visualization-a6dccf643fbb.html:text/html}
}

@online{sharma_data_2018,
	title = {Data Visualization using Seaborn},
	url = {https://towardsdatascience.com/data-visualization-using-seaborn-fc24db95a850},
	abstract = {I am back with the seaborn tutorial. Last time we learn about Data Visualization using Matplotlib.},
	titleaddon = {Medium},
	author = {Sharma, Mohit},
	urldate = {2020-05-06},
	date = {2018-11-03},
	langid = {english},
	note = {Library Catalog: towardsdatascience.com},
	file = {Snapshot:C\:\\Users\\teanm\\Zotero\\storage\\P7Y8J9UG\\data-visualization-using-seaborn-fc24db95a850.html:text/html}
}

@online{noauthor_visualization_nodate,
	title = {Visualization with Seaborn {\textbar} Python Data Science Handbook},
	url = {https://jakevdp.github.io/PythonDataScienceHandbook/04.14-visualization-with-seaborn.html},
	urldate = {2020-05-06},
	file = {Visualization with Seaborn | Python Data Science Handbook:C\:\\Users\\teanm\\Zotero\\storage\\4EHFDDNV\\04.14-visualization-with-seaborn.html:text/html}
}

@online{noauthor_ultimate_2017,
	title = {The Ultimate Python Seaborn Tutorial: Gotta Catch 'Em All},
	url = {https://elitedatascience.com/python-seaborn-tutorial},
	shorttitle = {The Ultimate Python Seaborn Tutorial},
	abstract = {In this step-by-step Seaborn tutorial, you’ll learn how to use one of Python’s most convenient libraries for data visualization. For those who’ve tinkered with Matplotlib before, you may have wondered, “why does it take me 10 lines of code just to make a decent-looking histogram?” Well, if you’re looking for a simpler way to plot attractive charts, then …},
	titleaddon = {{EliteDataScience}},
	urldate = {2020-05-06},
	date = {2017-05-02},
	langid = {american},
	note = {Library Catalog: elitedatascience.com
Section: Tutorials},
	file = {Snapshot:C\:\\Users\\teanm\\Zotero\\storage\\IDGHHMRV\\python-seaborn-tutorial.html:text/html}
}

@online{koehrsen_visualizing_2018,
	title = {Visualizing Data with Pairs Plots in Python},
	url = {https://towardsdatascience.com/visualizing-data-with-pair-plots-in-python-f228cf529166},
	abstract = {How to quickly create a powerful exploratory data analysis visualization},
	titleaddon = {Medium},
	author = {Koehrsen, Will},
	urldate = {2020-05-06},
	date = {2018-04-06},
	langid = {english},
	note = {Library Catalog: towardsdatascience.com},
	file = {Snapshot:C\:\\Users\\teanm\\Zotero\\storage\\DRG8DA2K\\visualizing-data-with-pair-plots-in-python-f228cf529166.html:text/html}
}

@online{noauthor_randyzwitchcom_nodate,
	title = {randyzwitch.com {\textbar} Creating A Stacked Bar Chart in Seaborn},
	url = {https://randyzwitch.com/creating-stacked-bar-chart-seaborn/},
	urldate = {2020-05-06},
	file = {randyzwitch.com | Creating A Stacked Bar Chart in Seaborn:C\:\\Users\\teanm\\Zotero\\storage\\LGYZHB45\\creating-stacked-bar-chart-seaborn.html:text/html}
}

@online{zhong_beyond_2020,
	title = {Beyond data scientist: 3d plots in Python with examples},
	url = {https://medium.com/@yzhong.cs/beyond-data-scientist-3d-plots-in-python-with-examples-2a8bd7aa654b},
	shorttitle = {Beyond data scientist},
	abstract = {Python is known for being super powerful in terms of data visualization. There are many tools there: matplotlib, pygal, Seaborn, Plotly…},
	titleaddon = {Medium},
	author = {Zhong, Yuchen},
	urldate = {2020-05-06},
	date = {2020-02-16},
	langid = {english},
	note = {Library Catalog: medium.com},
	file = {Snapshot:C\:\\Users\\teanm\\Zotero\\storage\\7JVRJRL5\\beyond-data-scientist-3d-plots-in-python-with-examples-2a8bd7aa654b.html:text/html}
}

@online{noauthor_three-dimensional_nodate,
	title = {Three-Dimensional Plotting in Matplotlib {\textbar} Python Data Science Handbook},
	url = {https://jakevdp.github.io/PythonDataScienceHandbook/04.12-three-dimensional-plotting.html},
	urldate = {2020-05-06},
	file = {Three-Dimensional Plotting in Matplotlib | Python Data Science Handbook:C\:\\Users\\teanm\\Zotero\\storage\\Y6CMQMV5\\04.12-three-dimensional-plotting.html:text/html}
}

@report{nieminen_visulisation_2020,
	title = {Visulisation - Lecture Notes},
	author = {Nieminen, Timo},
	date = {2020}
}